@misc{minimaxir,
    title = "Video Game and Charity: Analyzing Awesome Games Done Quick 2016 Donations",
    howpublished = "\url{http://minimaxir.com/2016/01/agdq-2016/}",
    author = "Max Woolf",
    note = "(Online; accessed: May 12, 2017)"
}

@misc{python,
    title = "Python.org",
    howpublished = "\url{https://www.python.org/}",
    note = "(Online; accessed: May 12, 2017)"
}

@misc{scrapy,
    title = "Scrapy | A Fast and Powerful Scraping and Web Crawling Framework",
    howpublished = "\url{https://scrapy.org/}",
    note = "(Online; accessed: May 12, 2017)"
}

@misc{R,
    title = "A Comprehensive R Archive Network",
    howpublished = "\url{https://cran.r-project.org/}",
    note = "(Online; accessed: May 12, 2017)"
}

@misc{Minitab,
    title = "A Comprehensive R Archive Network",
    howpublished = "\url{https://cran.r-project.org/}",
    note = "(Online; accessed: May 12, 2017)"
}

@misc{gdqgit,
    title = "vgf89/GDQAnalysis",
    howpublished = "\url{https://github.com/vgf89/GDQAnalysis}",
    note = "(Online; accessed: May 12, 2017)"
}